<mx:record xmlns="http://www.w3.org/TR/xhtml1/strict" xmlns:mx="http://www.loc.gov/MARC21/slim" xmlns:xsi="http://www.w3.org/2001/XMLSchema-instance"><mx:leader>00037cz  2200037n  45 0</mx:leader><mx:controlfield tag="001">oca00747755 </mx:controlfield><mx:controlfield tag="005">20040317051900.0</mx:controlfield><mx:controlfield tag="008">820517n| acannaabn          |a aaa      </mx:controlfield><mx:datafield ind1=" " ind2=" " tag="010"><mx:subfield code="a">n  82050820</mx:subfield></mx:datafield><mx:datafield ind1=" " ind2=" " tag="040"><mx:subfield code="a">DLC</mx:subfield><mx:subfield code="b">eng</mx:subfield><mx:subfield code="c">DLC</mx:subfield><mx:subfield code="d">MH</mx:subfield><mx:subfield code="d">OCoLC</mx:subfield><mx:subfield code="d">Uk</mx:subfield></mx:datafield><mx:datafield ind1="1" ind2=" " tag="100"><mx:subfield code="a">Symmachus, Quintus Aurelius,</mx:subfield><mx:subfield code="d">d. 405</mx:subfield></mx:datafield><mx:datafield ind1="1" ind2=" " tag="400"><mx:subfield code="a">Symmaque, Quinte Aurèle,</mx:subfield><mx:subfield code="d">d. 405</mx:subfield></mx:datafield><mx:datafield ind1="1" ind2=" " tag="400"><mx:subfield code="a">Simmaco, Quinto Aurelio,</mx:subfield><mx:subfield code="d">d. 405</mx:subfield></mx:datafield><mx:datafield ind1="1" ind2=" " tag="400"><mx:subfield code="a">Simmaco Eusebio, Q. Aurelio</mx:subfield><mx:subfield code="q">(Quinto Aurelio),</mx:subfield><mx:subfield code="d">d. 405</mx:subfield></mx:datafield><mx:datafield ind1="1" ind2=" " tag="400"><mx:subfield code="a">Eusebio, Q. Aurelio Simmaco</mx:subfield><mx:subfield code="q">(Quinto Aurelio Simmaco),</mx:subfield><mx:subfield code="d">d. 405</mx:subfield></mx:datafield><mx:datafield ind1="1" ind2=" " tag="400"><mx:subfield code="a">Simmaco, Q. Aurelio</mx:subfield><mx:subfield code="q">(Quinto Aurelio),</mx:subfield><mx:subfield code="d">d. 405</mx:subfield></mx:datafield><mx:datafield ind1="1" ind2=" " tag="400"><mx:subfield code="a">Symmachus, Q. Aurelius</mx:subfield><mx:subfield code="q">(Quintus Aurelius),</mx:subfield><mx:subfield code="d">d. 405</mx:subfield></mx:datafield><mx:datafield ind1="1" ind2=" " tag="400"><mx:subfield code="a">Símaco,</mx:subfield><mx:subfield code="d">d. 405</mx:subfield></mx:datafield><mx:datafield ind1=" " ind2=" " tag="670"><mx:subfield code="a">Vera, D. Commento storico alle Relationes di Quinto Aurelio Simmaco, 1981:</mx:subfield><mx:subfield code="b">t.p. (Quinto Aurelio Simmaco)</mx:subfield></mx:datafield><mx:datafield ind1=" " ind2=" " tag="670"><mx:subfield code="a">Roda, S. Commento storico al Libro IX dell&amp;#039;Epistolario di Q. Aurelio Simmaco, c1981:</mx:subfield><mx:subfield code="b">t.p. (Q. Aurelio Simmaco)</mx:subfield></mx:datafield><mx:datafield ind1=" " ind2=" " tag="670"><mx:subfield code="a">Del Chicca, F. Q. Aurelii Symmachi V.C. ... 1984:</mx:subfield><mx:subfield code="b">t.p. (Q. Aurelii Symmachi)</mx:subfield></mx:datafield><mx:datafield ind1=" " ind2=" " tag="670"><mx:subfield code="a">Informes, c2003:</mx:subfield><mx:subfield code="b">t.p. (Símaco) p. [9] (Quinto Aurelio Símaco)</mx:subfield></mx:datafield><mx:datafield ind1=" " ind2=" " tag="999"><mx:subfield code="a">22086</mx:subfield></mx:datafield></mx:record>